
@misc{agi,
    url = {https://www.topbots.com/wp-content/uploads/2017/09/agi_out_of_reach_1600px_web-1280x640.jpg},
    date = {2017-09-04},
    author = {Mariya Yao},
    title = {Depite AI hype, true general intelligence still out of reach},
    note = {Figure \ref{fig:agi}; Online; accessed: 2019-05-10}
}

@misc{dnn_neuron_basic_overview,
    url = {https://tex.stackexchange.com/questions/132444/diagram-of-an-artificial-neural-network},
    date = {2019-03-01},
    author = {Gonzalo Medina},
    title = {Diagram of an artificial neural network}
}