% References

@report{elastic-weight-consolidation,
	url             = {https://arxiv.org/abs/1612.00796},
    date            = {2017-01-25},
    author          = {{James Kirkpatrick, Razvan Pascanu, Neil Rabinowitz, Joel Veness, Guillaume Desjardins, Andrei A. Rusu, Kieran Milan, John Quan, Tiago Ramalho, Agnieszka Grabska-Barwinska, Demis Hassabis, Claudia Clopath, Dharshan Kumaran, Raia Hadsell}},
    institution     = {Proceedings of the National Academy of Sciences},
    type            = {report},
    title           = {Overcoming catastrophic forgetting in neural networks},
}

@report{incrmental-moment-matching,
	url             = {https://arxiv.org/abs/1703.08475},
    date            = {2018-01-30},
    author          = {{Sang-Woo Lee, Jin-Hwa Kim, Jaehyun Jun, Jung-Woo Ha, Byoung-Tak Zhang}},
    institution     = {Proceedings of the National Academy of Sciences},
    type            = {report},
    title           = {Overcoming Catastrophic Forgetting by Incremental Moment Matching},
}
@book{lifelong-machine-learning-book,
	url = {https://www.cs.uic.edu/~liub/lifelong-machine-learning.html},
    date = {2018},
    author = {{Zhiyuan Chen, Bing Liu}},
    title = {Lifelong Machine Learning},
    note = {Online; accessed: 2019-03-10}
}
@book{nielsen-book,
	url = {http://neuralnetworksanddeeplearning.com/},
    date = {2019-01-20},
    author = {Michael Nielsen},
    title = {Neural Networks and Deep Learning},
}

% Introduction

@article{nvidia-ai-explained,
    url             = {https://www.nvidia.com/content/dam/en-zz/Solutions/deep-learning/home/DeepLearning_eBook_FINAL.pdf},
    author          = {Michael V. Copeland},
    journaltitle    = {Nvidia},
    title           = {Deep Learning explained - What is, and how it can deliver business value to your organization},
    note            = {Online; accessed: 2019-03-20}
}

@article{alphastar,
	url             = {https://deepmind.com/blog/alphastar-mastering-real-time-strategy-game-starcraft-ii/},
    date            = {2019-01-24},
    author          = {The AlphaStar team},
    journaltitle    = {Google DeepMind Blog},
    title           = {AlphaStar: Mastering the Real-Time Strategy Game StarCraft 2},
    note            = {Online; accessed: 2019-03-10}
}
@online{ibm-watson-healthcare,
    url = {https://www.ibm.com/watson-health/learn/artificial-intelligence-medicine},
    date = {2019},
    author = {IBM Watson Healthcare},
    title = {Artificial Intelligence in medicine},
    note = {Online; accessed: 2019-03-20}
}
@online{ibm-watson-facts,
    url = {https://www.ibm.com/blogs/watson-health/watson-health-get-facts/},
    date = {2019},
    author = {IBM Watson Healthcare},
    title = {Watson Health: Get the Facts},
    note = {Online; accessed: 2019-03-20}
}
@online{airbnb-ic-video,
    url = {https://www.youtube.com/watch?v=tPb2u9kwh2w},
    date = {2019-03-06},
    author = {Tensorflow},
    title = {Powered by TensorFlow: Airbnb uses machine learning to help categorize its listing photos},
    note = {Online; accessed: 2019-03-18}
}
@article{airbnb-ic-blog,
    url = {https://medium.com/airbnb-engineering/categorizing-listing-photos-at-airbnb-f9483f3ab7e3},
    date = {2018-05-02},
    author = {{Shijing Yao, Qiang Zhu, Phillippe Siclait}},
    journaltitle = {Airbnb Engineering \& Data Science},
    title = {Categorizing Listing Photos at Airbnb},
    note = {Online; accessed: 2019-03-18}
}
@online{connecterra-video,
    url = {https://www.youtube.com/watch?v=6taIMlZysJQ},
    date = {2019-02-13},
    author = {Google},
    title = {Connecterra: Using AI to give nature a voice},
    note = {Online; accessed: 2019-02-13}
}
@online{connecterra-web,
    url = {https://www.connecterra.io/},
    date = {2019-02-13},
    author = {Connecterra},
    title = {Rewiring humankind’s relationship with nature},
    note = {Online; accessed: 2019-02-13}
}
@online{tensorflow-stories,
    url = {https://ai.google/stories/tensorflow/},
    date = {2019-02-13},
    author = {Google AI},
    title = {AI for everyone: inside TensorFlow, our open-source machine learning platform},
    note = {Online; accessed: 2019-02-13}
}

@article{nvidia_paradigms_blog,
    url             = {https://www.nvidia.com/content/dam/en-zz/Solutions/deep-learning/home/DeepLearning_eBook_FINAL.pdf},
    date            = {2018-08-02},
    author          = {Isha Salian},
    journaltitle    = {Nvidia Blog},
    title           = {SuperVize Me: What’s the Difference Between Supervised, Unsupervised, Semi-Supervised and Reinforcement Learning?},
    note            = {Online; accessed: 2019-03-23}
}

@article{skymind_neural_network,
    url             = {https://skymind.ai/wiki/neural-network},
    author          = {Skymind},
    title           = {A Beginner's Guide to Neural Networks and Deep Learning},
    note            = {Online; accessed: 2019-03-23}
}

% Motivation

% ethics
@online{futureoflife-ai-open-letter,
	url = {https://futureoflife.org/ai-open-letter/?cn-reloaded=1},
    date = {2015},
    author = {Future of Life Institute},
    title = {Research Priorities for robust and beneficial Artificial Intelligence},
    note = {Online; accessed: 2019-03-20}
}
@report{futureoflife-research-priorities,
	url             = {https://futureoflife.org/data/documents/research_priorities.pdf?x72847},
    date            = {2015},
    author          = {{Stuart Russell, Daniel Dewey, Max Tegmark}},
    institution     = {Association for the Advancement of Artificial Intelligence},
    type            = {report},
    title           = {Research Priorities for Robust and Benefcial Artifcial Intelligence},
    note            = {Online; accessed: 2019-03-20}
}
@online{futureoflife-ai-principles,
	url = {https://futureoflife.org/ai-principles/},
    date = {2017},
    author = {Future of Life Institute},
    title = {Asilomar AI principles},
    note = {Online; accessed: 2019-03-20}
}
@report{google-ai-governance,
	url             = {https://ai.google/static/documents/perspectives-on-issues-in-ai-governance.pdf},
    date            = {2019-03-01},
    author          = {Google},
    institution     = {Google AI},
    type            = {report},
    title           = {Perspectives on Issues in AI Governance},
    note            = {Online; accessed: 2019-02-13}
}
@online{google-ai-principles,
	url = {https://ai.google/principles/},
    date = {2019-03-01},
    author = {Google AI},
    title = {Artificial Intelligence at Google - Our Principles},
    note = {Online; accessed: 2019-02-13}
}
@online{telekom-ai-guidelines,
	url = {https://www.telekom.com/en/company/digital-responsibility/details/artificial-intelligence-ai-guideline-524366},
    date = {2018-11-05},
    author = {Verena Fulde},
    title = {Deutsche Telekom’s guidelines for artificial intelligence},
    note = {Online; accessed: 2019-03-20}
}
@online{governanceai_public_report,
	url = {https://governanceai.github.io/US-Public-Opinion-Report-Jan-2019/},
    date = {2019-01-20},
    author = {{Baobao Zhang, Allan Dafoe}},
    title = {Artificial Intelligence: American Attitudes and Trends},
    note = {Online; accessed: 2019-03-20}
}

% continual learning
@article{continual-ai-blog,
	url = {https://medium.com/continual-ai/why-continuous-learning-is-the-key-towards-machine-intelligence-1851cb57c308},
    date = {2019-03-01},
    author = {Vincenzo Lomonaco},
    journaltitle = {ContinualAI},
    title = {Why Continual Learning is the key towards Machine Intelligence},
    note = {Online; accessed: 2019-02-02}
}
@online{oxford-continual-continuous,
    url = {https://en.oxforddictionaries.com/usage/continual-or-continuous},
    date = {2019-03-01},
    author = {Oxford Living Dictionaries},
    title = {Continuous or Continual},
    note = {Online; accessed: 2019-02-02}
}
@misc{neurala_video,
    url = {https://www.youtube.com/watch?v=QGFlZfflYYg},
    date = {2017-05-16},
    author = {Neurala Inc.},
    title = {Forget Catastrophic Forgetting: AI That Learns After Deployment},
    note = {Online; accessed: 2019-01-20}
}
@report{measuring_cf_in_nns,
	url             = {https://arxiv.org/abs/1708.02072},
    date            = {2017-11-09},
    author          = {{Ronald Kemker, Marc McClure, Angelina Abitino, Tyler Hayes, Christopher Kanan}},
    institution     = {Proceedings of the National Academy of Sciences},
    type            = {report},
    title           = {Measuring Catastrophic Forgetting in Neural Networks},
}
@report{cf_with_hard_attention,
	url             = {https://arxiv.org/abs/1801.01423},
    date            = {2018-05-29},
    author          = {{Joan Serrà, Dídac Surís, Marius Miron, Alexandros Karatzoglou}},
    institution     = {Proceedings of the National Academy of Sciences},
    type            = {report},
    title           = {Overcoming catastrophic forgetting with hard attention to the task},
}
@report{cf_application_oriented_study,
    date            = {2019},
    author          = {{Benedikt Pfuelb, Alexander Gepperth}},
    institution     = {University of Applied Sciences Fulda},
    type            = {report},
    title           = {A comprehensive, application-oriented study of catastrophic forgetting in DNNS},
}

% Related work
%…

% Essentials

% Python
@online{python-lang,
	url = {https://www.python.org/doc/essays/blurb/},
    date = {2019-03-01},
    author = {Python},
    title = {What is Python? Executive Summary},
}
@online{python-software-foundation,
	url = {https://www.python.org/psf/summary/},
    date = {2019-03-01},
    author = {Python Software Foundation},
    title = {Executive Summary: The Python Software Foundation},
}
% NumPy
@online{numpy-package,
	url = {https://docs.scipy.org/doc/numpy/about.html},
    date = {2019-03-01},
    author = {NumPy},
    title = {About NumPy},
}
% Tensorflow
@online{tensorflow-about,
	url = {https://www.tensorflow.org/about},
    date = {2019-03-15},
    author = {Tensorflow},
    title = {Why Tensorflow},
}
@online{tensorflow-architecture,
	url = {https://www.tensorflow.org/guide/extend/architecture},
    date = {2019-03-15},
    author = {Tensorflow},
    title = {Tensorflow Architecture},
}
% mnist
@online{mnist-database,
	url = {http://yann.lecun.com/exdb/mnist/},
    date = {2019-03-15},
    author = {Yann LeCun, Corinna Cortes, Christopher J.C. Burges},
    title = {THE MNIST DATABASE of handwritten digits},
}
% DNN

@misc{math_nn_andrey,
	url = {https://towardsdatascience.com/under-the-hood-of-neural-networks-part-1-fully-connected-5223b7f78528},
    date = {2018-04-08},
    author = {Andrey Sakryukin},
    title = {Under The Hood of Neural Networks. Part 1: Fully Connected.},
}
@misc{medium_nn_from_scratch,
	url = {https://medium.com/datadriveninvestor/math-neural-network-from-scratch-in-python-d6da9f29ce65},
    date = {2018-11-18},
    author = {Omar Aflak},
    title = {Math of Neural Networks},
}
@misc{math_nn_skalski,
	url = {https://towardsdatascience.com/https-medium-com-piotr-skalski92-deep-dive-into-deep-networks-math-17660bc376ba},
    date = {2018-08-17},
    author = {Piotr Skalski},
    title = {Deep Dive into Math Behind Deep Networks},
}
@report{relu,
	url             = {https://arxiv.org/abs/1803.08375},
    date            = {2019-02-07},
    author          = {Abien Fred Agarap},
    institution     = {Proceedings of the National Academy of Sciences},
    type            = {report},
    title           = {Deep Learning using Rectified Linear Units (ReLU)},
}

% Catstrophic forgetting
@book{psychology_learning_mccloskey_cohen,
    author    = {Michael McCloskey, Neal J. Cohen},
    title     = {The Psychology of Learning and Motivation},
    year      = {1989},
    publisher = {Academic Press Inc.},
}

% Figures
@misc{mnist_examples_image,
	url = {http://neuralnetworksanddeeplearning.com/images/mnist_100_digits.png},
    date = {2015},
    author = {Michael Nielsen},
    title = {Neural Networks and Deep Learning},
    note = {Figure \ref{fig:mnist_examples}}
}
@misc{dnn_1hidden_example_image,
	url = {http://neuralnetworksanddeeplearning.com/images/tikz35.png},
    date = {2015},
    author = {Michael Nielsen},
    title = {Neural Networks and Deep Learning},
    note = {Figure \ref{fig:dnn_example}; Online; accessed: 2019-01-20}
}
@misc{dnn_3hidden_example_image,
	url = {http://neuralnetworksanddeeplearning.com/images/tikz41.png},
    date = {2015},
    author = {Michael Nielsen},
    title = {Neural Networks and Deep Learning},
    note = {Figure \ref{fig:dnn_example}; Online; accessed: 2019-01-20}
}
@misc{dnn_neuron_basic_overview,
    url = {https://tex.stackexchange.com/questions/132444/diagram-of-an-artificial-neural-network},
    date = {2019-03-01},
    author = {Gonzalo Medina},
    title = {Diagram of an artificial neural network},
    note = {Figure \ref{fig:dnn_node_procedure}}
}
@misc{tf_ml_steps_pipline,
    url = {https://www.tensorflow.org/site-assets/images/marketing/why/tab/how_ml_works_tab2_graphic.png},
    author = {Tensorflow},
    title = {Steps to solving an ML problem},
    note = {Figure \ref{fig:ml_steps_pipeline}; Online; accessed: 2019-03-20},
}
@misc{tf_dnn_shapes_textures,
    url = {https://www.tensorflow.org/site-assets/images/marketing/why/tab/how_ml_works_tab3_graphic.png},
    author = {Tensorflow},
    title = {Steps to solving an ML problem},
    note = {Figure \ref{fig:tf_dnn_shapes_textures}; Online; accessed: 2019-03-20},
}
@misc{tf_dnn_training_cat_example,
    url = {https://www.tensorflow.org/site-assets/images/marketing/why/tab/how_ml_works_tab4_graphic.gif},
    author = {Tensorflow},
    title = {Training a neural network},
    note = {Figure \ref{fig:tf_dnn_training_cat_example}; Online; accessed: 2019-03-20},
}
@misc{airbnb_image_classification,
    url = {https://cdn-images-1.medium.com/max/1600/1*osFCyCSLjdEIEZe9a8gIVg.png},
    date = {2018-05-02},
    author = {{Shijing Yao, Qiang Zhu, Phillippe Siclait}},
    title = {Categorizing Listing Photos at Airbnb},
    note = {Figure \ref{fig:airbnb_image_classification}; Online; accessed: 2019-03-18},
}
@misc{airbnb_object_detection,
    url = {https://cdn-images-1.medium.com/max/1600/1*hT1TKQnnw-IoZGEj8Z_5og.png},
    date = {2018-05-02},
    author = {{Shijing Yao, Qiang Zhu, Phillippe Siclait}},
    title = {Categorizing Listing Photos at Airbnb},
    note = {Figure \ref{fig:airbnb_image_classification}; Online; accessed: 2019-03-18},
}
@misc{ml_paradigms_image,
    url = {https://cdn-images-1.medium.com/max/1760/0*-068ud_-o3ajwq_z.jpg},
    date = {2018-12-04},
    author = {Hunter Heidenreich},
    title = {What are the types of machine learning?},
    note = {Figure \ref{fig:ml_paradigms_image}; Online; accessed: 2019-03-26}
}
@misc{tensorflow_graph_image,
    url = {https://www.tensorflow.org/images/tensors_flowing.gif},
    author = {Tensorflow},
    title = {Graph and Sessions},
    note = {Figure \ref{fig:tensorflow_graph_image}; Online; accessed: 2019-03-26}
}
@misc{tensorflow_programming_environment_image,
    url = {https://www.tensorflow.org/images/tensorflow_programming_environment.png},
    author = {Tensorflow},
    title = {Premade Estimators},
    note = {Figure \ref{fig:tensorflow_programming_environment_image}; Online; accessed: 2019-03-26}
}